
    <record>
        <leader>01265pam a2200361 a 4500</leader>
        <controlfield tag="001">xxxxxxxxx1111</controlfield>
        <controlfield tag="008">070118s2007    enka          000 1 eng d</controlfield>
        <datafield tag="020" ind1=" " ind2=" ">
            <subfield code="a">978-0063160354</subfield>
        </datafield>
        <datafield tag="041" ind1="1" ind2=" ">
            <subfield code="a">eng</subfield>
        </datafield>
        <datafield tag="082" ind1="0" ind2="4">
            <subfield code="a">978-0063160354</subfield>
        </datafield>
        <datafield tag="100" ind1="1" ind2=" ">
            <subfield code="a">Al-Greene, Bob</subfield>
            <subfield code="1">http://viaf.org/viaf/algreen</subfield>
            <subfield code="4">http://rdaregistry.info/Elements/w/object/P10058</subfield>
            <subfield code="4">http://rdaregistry.info/Elements/w/object/P10437</subfield>
        </datafield>
        <datafield tag="240" ind1="1" ind2="0">
            <subfield code="a">Murder on the Orient Express: The Graphic Novel</subfield>
            <subfield code="k">Graphic Novel</subfield>
            <subfield code="l">English</subfield>
            <subfield code="1">http://viaf.org/viaf/algreen/orient</subfield>
        </datafield>
        <datafield tag="245" ind1="1" ind2="0">
            <subfield code="a">Murder on the Orient Express</subfield>
            <subfield code="b">The Graphic Novel</subfield>
            <subfield code="c">adapted and illustrated by Bob Al-Greene</subfield>
        </datafield>
        <datafield tag="250" ind1=" " ind2=" ">
            <subfield code="a">First edition</subfield>
        </datafield>
        <datafield tag="264" ind1="1" ind2="1">
            <subfield code="a">[New York]</subfield>
            <subfield code="b">William Morrow Paperbacks</subfield>
            <subfield code="c">2023</subfield>
        </datafield>
        <datafield tag="300" ind1=" " ind2=" ">
            <subfield code="a">288 pages</subfield>
            <subfield code="b">chiefly col. ill. ;</subfield>
            <subfield code="c">6 x 0.65 x 9 inches</subfield>
        </datafield>
        <datafield tag="336" ind1=" " ind2=" ">
            <subfield code="a">text</subfield>
            <subfield code="2">rdacontent</subfield>
            <subfield code="0">http://rdaregistry.info/termList/RDAContentType/1020</subfield>
        </datafield>
        <datafield tag="336" ind1=" " ind2=" ">
            <subfield code="a">still image</subfield>
            <subfield code="2">rdacontent</subfield>
            <subfield code="0">http://rdaregistry.info/termList/RDAContentType/1014</subfield>
        </datafield>
        <datafield tag="337" ind1=" " ind2=" ">
            <subfield code="a">unmediated</subfield>
            <subfield code="2">rdamedia</subfield>
            <subfield code="0">http://rdaregistry.info/termList/RDAMediaType/1007</subfield>
        </datafield>
        <datafield tag="338" ind1=" " ind2=" ">
            <subfield code="a">volume</subfield>
            <subfield code="2">rdacarrier</subfield>
            <subfield code="0">http://rdaregistry.info/termList/RDACarrierType/1049</subfield>
        </datafield>
        <datafield tag="700" ind1="1" ind2=" ">
            <subfield code="a">Christie, Agatha,</subfield>
            <subfield code="d">1890-1976.</subfield>
            <subfield code="k">Novel</subfield>
            <subfield code="t">Murder on the Orient Express.</subfield>
            <subfield code="1">http://viaf.org/viaf/316741387</subfield>
            <subfield code="4">http://rdaregistry.info/Elements/w/object/P10252</subfield>
        </datafield>
    </record>