
    <!-- Murder on the orient express music score -->
    <record>
        <leader>01291ncm a22003853u 4500</leader>
        <controlfield tag="001">019181043</controlfield>
        <controlfield tag="003">Uk</controlfield>
        <controlfield tag="005">20230223165507.0</controlfield>
        <controlfield tag="006">m    ||  z |      </controlfield>
        <controlfield tag="007">cr |||||||||||</controlfield>
        <controlfield tag="008">181214t20181974enk|||| o||||||n  |      </controlfield>
        <datafield tag="028" ind1="3" ind2="2">
            <subfield code="a">26384</subfield>
            <subfield code="b">Faber Music</subfield>
            <subfield code="q">(Song ID)</subfield>
        </datafield>
        <datafield tag="028" ind1="3" ind2="2">
            <subfield code="a">29150</subfield>
            <subfield code="b">Faber Music</subfield>
            <subfield code="q">(Engraving ID)</subfield>
        </datafield>
        <datafield tag="082" ind1="1" ind2="4">
            <subfield code="a">780</subfield>
            <subfield code="2">15</subfield>
        </datafield>
        <datafield tag="100" ind1="1" ind2=" ">
            <subfield code="a">Bennett, Richard Rodney.</subfield>
            <subfield code="1">http://viaf.org/viaf/61731028</subfield>
            <subfield code="4">http://rdaregistry.info/Elements/w/object/P10053</subfield>
        </datafield>
        <datafield tag="240" ind1="1" ind2="0">
            <subfield code="a">Murder on the Orient Express</subfield>
            <subfield code="k">Music</subfield>
            <subfield code="1">http://viaf.org/viaf/9356154076013911860000</subfield>
        </datafield>
        <datafield tag="245" ind1="0" ind2="0">
            <subfield code="a">Murder On The Orient Express (Theme) /</subfield>
            <subfield code="c">[Rodney Bennett, Richard].</subfield>
        </datafield>
        <datafield tag="250" ind1=" " ind2=" ">
            <subfield code="a">Piano Solo.</subfield>
        </datafield>
        <datafield tag="264" ind1=" " ind2="1">
            <subfield code="a">[London] :</subfield>
            <subfield code="b">[Faber Music],</subfield>
            <subfield code="c">[2018?]</subfield>
        </datafield>
        <datafield tag="264" ind1=" " ind2="4">
            <subfield code="c">©1974</subfield>
        </datafield>
        <datafield tag="300" ind1=" " ind2=" ">
            <subfield code="a">1 online resource (1 score (2 pages))</subfield>
        </datafield>
        <datafield tag="336" ind1=" " ind2=" ">
            <subfield code="a">Music</subfield>
            <subfield code="2">rdacontent</subfield>
            <subfield code="0">http://rdaregistry.info/termList/RDAContentType/1010</subfield>
        </datafield>
        <datafield tag="337" ind1=" " ind2=" ">
            <subfield code="a">computer</subfield>
            <subfield code="2">rdamedia</subfield>
            <subfield code="0">http://rdaregistry.info/termList/RDAMediaType/1003</subfield>
        </datafield>
        <datafield tag="338" ind1=" " ind2=" ">
            <subfield code="a">online resource</subfield>
            <subfield code="2">rdacarrier</subfield>
            <subfield code="0">http://rdaregistry.info/termList/RDACarrierType/1018</subfield>
        </datafield>
        <datafield tag="382" ind1="0" ind2="1">
            <subfield code="a">Guitar</subfield>
            <subfield code="a">Piano</subfield>
        </datafield>
        <datafield tag="384" ind1=" " ind2=" ">
            <subfield code="a">F</subfield>
        </datafield>
        <datafield tag="588" ind1=" " ind2=" ">
            <subfield code="a">Description based on publisher metadata.</subfield>
        </datafield>
        <datafield ind1="1" ind2="0" tag="758">
            <subfield code="a">Murder on the Orient Express</subfield>
            <subfield code="k">Movie</subfield>
            <subfield code="1">https://www.imdb.com/title/tt3402236</subfield>
            <subfield code="4">http://rdaregistry.info/Elements/w/object/P10238</subfield>
        </datafield>
    </record>