
    <record>
        <leader>00566ncm a22001937  4500</leader>
        <controlfield tag="001">004210640</controlfield>
        <controlfield tag="005">20190504191200.0</controlfield>
        <controlfield tag="008">930308s1974    enk||| ||||||||||       |</controlfield>
        <datafield tag="019" ind1="d" ind2=" ">
            <subfield code="a">ag03270060</subfield>
        </datafield>
        <datafield tag="082" ind1="1" ind2="4">
            <subfield code="a">780</subfield>
            <subfield code="2">15</subfield>
        </datafield>
        <datafield tag="100" ind1="1" ind2=" ">
            <subfield code="a">Bennett, Richard Rodney.</subfield>
            <subfield code="1">http://viaf.org/viaf/61731028</subfield>
            <subfield code="4">http://rdaregistry.info/Elements/w/object/P10053</subfield>
        </datafield>
        <datafield tag="240" ind1="1" ind2="0">
            <subfield code="a">Murder on the Orient Express</subfield>
            <subfield code="k">Music</subfield>
            <subfield code="1">http://viaf.org/viaf/9356154076013911860000</subfield>
        </datafield>
        <datafield tag="245" ind1="1" ind2="0">
            <subfield code="a">Murder on the Orient Express. Theme. &lt;Piano solo.&gt;.</subfield>
        </datafield>
        <datafield tag="260" ind1=" " ind2=" ">
            <subfield code="a">London :</subfield>
            <subfield code="b">EMI Film &amp; Theatre Music,</subfield>
            <subfield code="c">[1974]</subfield>
        </datafield>
        <datafield tag="300" ind1=" " ind2=" ">
            <subfield code="a">3p. ;</subfield>
            <subfield code="c">4.̊</subfield>
        </datafield>
        <datafield tag="336" ind1=" " ind2=" ">
            <subfield code="a">notated music</subfield>
            <subfield code="2">rdacontent</subfield>
            <subfield code="0">http://rdaregistry.info/termList/RDAContentType/1010</subfield>
        </datafield>
        <datafield tag="337" ind1=" " ind2=" ">
            <subfield code="a">unmediated</subfield>
            <subfield code="2">rdamedia</subfield>
            <subfield code="0">http://rdaregistry.info/termList/RDAMediaType/1007</subfield>
        </datafield>
        <datafield tag="338" ind1=" " ind2=" ">
            <subfield code="a">volume</subfield>
            <subfield code="2">rdacarrier</subfield>
            <subfield code="0">http://rdaregistry.info/termList/RDACarrierType/1049</subfield>
        </datafield>
        <datafield ind1="1" ind2="0" tag="758">
            <subfield code="a">Murder on the Orient Express</subfield>
            <subfield code="k">Movie</subfield>
            <subfield code="1">https://www.imdb.com/title/tt3402236</subfield>
            <subfield code="4">http://rdaregistry.info/Elements/w/object/P10238</subfield>
        </datafield>
    </record>