
    <!-- Innspilling -->
    <record>
        <leader>00000njm a22     7c 4500</leader>
        <controlfield tag="001">999921937688802201</controlfield>
        <controlfield tag="007">cr||||||||||||</controlfield>
        <controlfield tag="007">sr||||||||||||</controlfield>
        <controlfield tag="008">221216t20102010no |||||o########|#|und|#</controlfield>
        <datafield ind1="3" ind2=" " tag="024">
            <subfield code="a">7041881220425</subfield>
        </datafield>
        <datafield ind1="0" ind2="3" tag="028">
            <subfield code="a">CSSE 04</subfield>
            <subfield code="b">CSSE Records</subfield>
        </datafield>
        <datafield tag="100" ind1="1" ind2=" ">
            <subfield code="a">Per Einar Watle Trio</subfield>
            <subfield code="1">https://isni.org/isni/0000000365729866/trio</subfield>
            <subfield code="4">art</subfield>
            <subfield code="4">http://rdaregistry.info/Elements/w/object/P10058</subfield>
            <subfield code="4">http://rdaregistry.info/Elements/e/object/P20039</subfield>
            <subfield code="8">p</subfield>
        </datafield>
        <datafield ind1="0" ind2="0" tag="240">
            <subfield code="a">Corrientes</subfield>
            <subfield code="k">Collection</subfield>
            <subfield code="1">https://isni.org/isni/0000000365729866/trio/corrientes</subfield>
            <subfield code="8">p</subfield>
        </datafield>
        <datafield ind1="0" ind2="0" tag="245">
            <subfield code="a">Corrientes</subfield>
            <subfield code="c">Per Einar Watle Trio</subfield>
        </datafield>
        <datafield ind1=" " ind2="1" tag="264">
            <subfield code="a">[Norge]</subfield>
            <subfield code="b">CSSE Records</subfield>
            <subfield code="c">2010-01-25</subfield>
        </datafield>
        <datafield ind1=" " ind2="2" tag="264">
            <subfield code="a">[Oslo]</subfield>
            <subfield code="b">Phonofile</subfield>
        </datafield>
        <datafield ind1=" " ind2="4" tag="264">
            <subfield code="c">℗ 2010</subfield>
        </datafield>
        <datafield ind1=" " ind2=" " tag="300">
            <subfield code="a">1 online (nettilkoblet) ressurs</subfield>
        </datafield>
        <datafield ind1=" " ind2=" " tag="336">
            <subfield code="a">framført musikk</subfield>
            <subfield code="0">http://rdaregistry.info/termList/RDAContentType/1011</subfield>
            <subfield code="2">rdaco</subfield>
        </datafield>
        <datafield ind1=" " ind2=" " tag="337">
            <subfield code="a">datamaskin</subfield>
            <subfield code="0">http://rdaregistry.info/termList/RDAMediaType/1003</subfield>
            <subfield code="2">rdamt</subfield>
        </datafield>
        <datafield ind1=" " ind2=" " tag="338">
            <subfield code="a">online (nettilkoblet) ressurs</subfield>
            <subfield code="0">http://rdaregistry.info/termList/RDACarrierType/1018</subfield>
            <subfield code="2">rdact</subfield>
        </datafield>
        <datafield ind1=" " ind2=" " tag="500">
            <subfield code="a">CSSE Records: CSSE04</subfield>
        </datafield>
        <datafield ind1=" " ind2=" " tag="505">
            <subfield code="a">Swing for Simon -- Corrientes -- Lingo -- El Patio de Montserrat -- Bei Dir War Es Immer So Schön -- Here's That Rainy Day -- Yours is My Heart Alone -- Reine De Musette -- Melodie Concorde -- Murder On the Orient Express -- Dans monîle -- Choti</subfield>
        </datafield>
        <datafield ind1="0" ind2=" " tag="511">
            <subfield code="a">Per Einar Watle Trio</subfield>
        </datafield>
        <datafield ind1=" " ind2=" " tag="588">
            <subfield code="a">Importert fra Phonofile</subfield>
        </datafield>
        <datafield ind1="2" ind2=" " tag="710">
            <subfield code="a">Per Einar Watle Trio</subfield>
            <subfield code="4">https://id.nb.no/vocabulary/perfrel/1</subfield>
        </datafield>
        <datafield tag="700" ind1="1" ind2="2">
            <subfield code="a">Bennett, Richard Rodney.</subfield>
            <subfield code="t">Murder on the Orient Express</subfield>
            <subfield code="k">Music</subfield>
            <subfield code="1">http://viaf.org/viaf/9356154076013911860000</subfield>
        </datafield>
        <datafield tag="700" ind1="1" ind2=" ">
            <subfield code="a">Aasen, Ketil</subfield>
            <subfield code="d">1974-</subfield>
            <subfield code="e">utøver</subfield>
            <subfield code="e">kontrabass</subfield>
            <subfield code="1">https://isni.org/isni/0000000361211867</subfield>
            <subfield code="4">prf</subfield>
            <subfield code="4">http://rdaregistry.info/Elements/e/object/P20039</subfield>
        </datafield>
        <datafield tag="700" ind1="1" ind2=" ">
            <subfield code="a">Larssen, Christian</subfield>
            <subfield code="d">1975-</subfield>
            <subfield code="e">utøver</subfield>
            <subfield code="e">gitar</subfield>
            <subfield code="1">https://isni.org/isni/0000000361531262</subfield>
            <subfield code="4">prf</subfield>
            <subfield code="4">http://rdaregistry.info/Elements/e/object/P20039</subfield>
        </datafield>
        <datafield tag="700" ind1="1" ind2=" ">
            <subfield code="a">Watle, Per Einar</subfield>
            <subfield code="d">1971-</subfield>
            <subfield code="e">utøver</subfield>
            <subfield code="e">gitar</subfield>
            <subfield code="1">https://isni.org/isni/0000000365729866</subfield>
            <subfield code="4">prf</subfield>
            <subfield code="4">http://rdaregistry.info/Elements/e/object/P20039</subfield>
        </datafield>
    </record>