
    <!--<record>
        <leader>01206cja a2200397 c 4500</leader>
        <controlfield tag="001">991007459034702202</controlfield>
        <controlfield tag="005">20190130103348.0</controlfield>
        <controlfield tag="007">sd f||||||||||</controlfield>
        <controlfield tag="008">120206s2010    xx#|||| ||||||||||||   |d</controlfield>
        <datafield tag="035" ind1=" " ind2=" ">
            <subfield code="a">(EXLNZ-47BIBSYS_NETWORK)991007459034702201</subfield>
        </datafield>
        <datafield tag="035" ind1=" " ind2=" ">
            <subfield code="a">(NO-TrBIB)100745903</subfield>
        </datafield>
        <datafield tag="040" ind1=" " ind2=" ">
            <subfield code="a">NO-TrBIB</subfield>
            <subfield code="b">nob</subfield>
            <subfield code="e">katreg</subfield>
        </datafield>
        <datafield tag="084" ind1=" " ind2=" ">
            <subfield code="a">R51</subfield>
            <subfield code="2">noterlyd</subfield>
        </datafield>
        <datafield tag="240" ind1="1" ind2="0">
            <subfield code="a">Murder on the Orient Express</subfield>
            <subfield code="k">Music</subfield>
            <subfield code="1">http://viaf.org/viaf/9356154076013911860000</subfield>
        </datafield>
        <datafield tag="245" ind1="0" ind2="0">
            <subfield code="a">Murder on the Orient Express</subfield>
            <subfield code="c">Richard R. Bennett, Per Einar Watle Trio</subfield>
            <subfield code="h">[lydopptak]</subfield>
        </datafield>
        <datafield tag="260" ind1=" " ind2=" ">
            <subfield code="c">c2010</subfield>
        </datafield>
        <datafield tag="300" ind1=" " ind2=" ">
            <subfield code="a">3 min, 51 s</subfield>
        </datafield>
        <datafield tag="336" ind1=" " ind2=" ">
            <subfield code="a">performed music</subfield>
            <subfield code="2">rdacontent</subfield>
            <subfield code="0">http://rdaregistry.info/termList/RDAContentType/1011</subfield>
        </datafield>
        <datafield tag="337" ind1=" " ind2=" ">
            <subfield code="a">audio</subfield>
            <subfield code="2">rdamedia</subfield>
            <subfield code="0">http://rdaregistry.info/termList/RDAMediaType/1001</subfield>
        </datafield>
        <datafield tag="338" ind1=" " ind2=" ">
            <subfield code="a">compact disc</subfield>
            <subfield code="2">rdacarrier</subfield>
            <subfield code="0">http://rdaregistry.info/termList/RDACarrierType/1013</subfield>
        </datafield>
        <datafield tag="380" ind1=" " ind2=" ">
            <subfield code="a">Jazz</subfield>
            <subfield code="2">emnmus</subfield>
        </datafield>

        <datafield tag="710" ind1="2" ind2=" ">
            <subfield code="a">Per Einar Watle Trio</subfield>
            <subfield code="e">utøver</subfield>
        </datafield>
        <datafield tag="773" ind1="0" ind2=" ">
            <subfield code="a">Per Einar Watle Trio</subfield>
            <subfield code="t">Corrientes</subfield>
            <subfield code="d">[Oslo] : CSSE Records, c2010</subfield>
            <subfield code="g">10</subfield>
            <subfield code="w">991006639664702201</subfield>
        </datafield>
    </record>