-->
    <!-- Murder on the orient express movies -->
    <record>
        <leader>01140ngm a2200253 u 4500</leader>
        <controlfield tag="001">999920609674902201</controlfield>
        <controlfield tag="005">20210624093933.0</controlfield>
        <controlfield tag="007">vd#cva|||</controlfield>
        <controlfield tag="008">180815s20172018no 109 c          vleng|c</controlfield>
        <datafield ind1="0" ind2=" " tag="041">
            <subfield code="a">eng</subfield>
            <subfield code="j">swe</subfield>
            <subfield code="j">dan</subfield>
            <subfield code="j">nob</subfield>
            <subfield code="j">fin</subfield>
            <subfield code="j">eng</subfield>
        </datafield>
        <datafield ind1="1" ind2="0" tag="130">
            <subfield code="a">Murder on the Orient Express</subfield>
            <subfield code="k">Movie</subfield>
            <subfield code="1">https://www.imdb.com/title/tt3402236</subfield>
        </datafield>
        <datafield ind1="1" ind2="0" tag="245">
            <subfield code="a">Murder on the Orient Express</subfield>
            <subfield code="h">[videoopptak]</subfield>
            <subfield code="c">regi Kenneth Branagh</subfield>
        </datafield>
        <datafield ind1="1" ind2=" " tag="246">
            <subfield code="a">Mord på orientekspressen</subfield>
        </datafield>
        <datafield ind1=" " ind2=" " tag="260">
            <subfield code="a">Oslo</subfield>
            <subfield code="b">Thwentieth Century Fox Home Entertainment</subfield>
            <subfield code="c">2017</subfield>
        </datafield>
        <datafield ind1=" " ind2=" " tag="300">
            <subfield code="a">1 plate (DVD) (1 t 49 min)</subfield>
            <subfield code="b">lyd, kol.</subfield>
        </datafield>
        <datafield tag="336" ind1=" " ind2=" ">
            <subfield code="a">todimensjonalt levende bilde</subfield>
            <subfield code="0">http://rdaregistry.info/termList/RDAContentType/1023</subfield>
            <subfield code="2">rdaco</subfield>
        </datafield>
        <datafield tag="337" ind1=" " ind2=" ">
            <subfield code="a">video</subfield>
            <subfield code="0">http://rdaregistry.info/termList/RDAMediaType/1008</subfield>
            <subfield code="2">rdamt</subfield>
        </datafield>
        <datafield tag="338" ind1=" " ind2=" ">
            <subfield code="a">videodisk</subfield>
            <subfield code="0">http://rdaregistry.info/termList/RDACarrierType/1060</subfield>
            <subfield code="2">rdact</subfield>
        </datafield>
        <datafield ind1=" " ind2=" " tag="500">
            <subfield code="a">Ekstramateriale</subfield>
        </datafield>
        <datafield ind1=" " ind2=" " tag="500">
            <subfield code="a">Medietilsynet : 185296</subfield>
        </datafield>
        <datafield ind1=" " ind2=" " tag="511">
            <subfield code="a">Rollebesetning ; Tom Bateman, Kenneth Branagh, Penelope Cruz, Willem Dafoe, Judi Dench, Johnny Depp, Josh Gad, Leslie Odom Jr., Michelle Pfeiffer og Daisy Ridley</subfield>
        </datafield>
        <datafield ind1=" " ind2=" " tag="546">
            <subfield code="a">Engelsk tale med valgfrie undertekster</subfield>
        </datafield>
        <datafield ind1="1" ind2=" " tag="700">
            <subfield code="a">Branagh, Kenneth</subfield>
            <subfield code="d">1960-</subfield>
            <subfield code="0">(NO-TrBIB)90527882</subfield>
            <subfield code="4">drt</subfield>
            <subfield code="4">act</subfield>
            <subfield code="4">http://rdaregistry.info/Elements/w/object/P10013</subfield>
            <subfield code="4">http://rdaregistry.info/Elements/e/object/P20012</subfield>
            <subfield code="1">https://isni.org/isni/0000000114794233</subfield>
        </datafield>
        <datafield ind1="1" ind2=" " tag="700">
            <subfield code="a">Bateman, Tom</subfield>
            <subfield code="d">1989-</subfield>
            <subfield code="0">(NO-TrBIB)1533887353300</subfield>
            <subfield code="4">act</subfield>
            <subfield code="4">http://rdaregistry.info/Elements/e/object/P20012</subfield>
            <subfield code="1">https://www.imdb.com/name/nm5290643</subfield>
        </datafield>
        <datafield ind1="1" ind2=" " tag="700">
            <subfield code="a">Cruz, Penélope</subfield>
            <subfield code="d">1974-</subfield>
            <subfield code="0">(NO-TrBIB)1081340</subfield>
            <subfield code="4">act</subfield>
            <subfield code="4">http://rdaregistry.info/Elements/e/object/P20012</subfield>
            <subfield code="1">https://www.imdb.com/name/nm0004851</subfield>
        </datafield>
        <datafield ind1="1" ind2=" " tag="700">
            <subfield code="a">Dafoe, Willem</subfield>
            <subfield code="d">1955-</subfield>
            <subfield code="0">(NO-TrBIB)97042498</subfield>
            <subfield code="4">act</subfield>
            <subfield code="4">http://rdaregistry.info/Elements/e/object/P20012</subfield>
            <subfield code="1">https://www.imdb.com/name/nm0000353</subfield>
        </datafield>
        <datafield ind1="1" ind2=" " tag="700">
            <subfield code="a">Dench, Judi</subfield>
            <subfield code="d">1934-</subfield>
            <subfield code="0">(NO-TrBIB)97017914</subfield>
            <subfield code="4">act</subfield>
            <subfield code="4">http://rdaregistry.info/Elements/e/object/P20012</subfield>
            <subfield code="1">https://www.imdb.com/name/nm0001132</subfield>
        </datafield>
        <datafield ind1="1" ind2=" " tag="700">
            <subfield code="a">Depp, Johnny</subfield>
            <subfield code="d">1963-</subfield>
            <subfield code="0">(NO-TrBIB)90889880</subfield>
            <subfield code="4">act</subfield>
            <subfield code="4">http://rdaregistry.info/Elements/e/object/P20012</subfield>
            <subfield code="1">https://www.imdb.com/name/nm0000136</subfield>
        </datafield>
        <datafield tag="700" ind1="1" ind2=" ">
            <subfield code="a">Christie, Agatha,</subfield>
            <subfield code="d">1890-1976.</subfield>
            <subfield code="k">Novel</subfield>
            <subfield code="t">Murder on the Orient Express</subfield>
            <subfield code="1">http://viaf.org/viaf/316741387</subfield>
            <subfield code="4">http://rdaregistry.info/Elements/w/object/P10129</subfield>
        </datafield>
    </record>