
    <record>
        <leader>01345ngm a2200325 c 4500</leader>
        <controlfield tag="001">999920048196702202</controlfield>
        <controlfield tag="005">20200214102431.0</controlfield>
        <controlfield tag="007">vd#cva|||</controlfield>
        <controlfield tag="008">200213s2008    no ||| |     |    v|eng|c</controlfield>
        <datafield tag="024" ind1="3" ind2=" ">
            <subfield code="a">5050582555363</subfield>
        </datafield>
        <datafield tag="041" ind1="0" ind2=" ">
            <subfield code="j">swe</subfield>
            <subfield code="j">nob</subfield>
            <subfield code="j">dan</subfield>
            <subfield code="j">fin</subfield>
        </datafield>
        <datafield ind1="1" ind2="0" tag="130">
            <subfield code="a">Murder on the Orient Express</subfield>
            <subfield code="k">Movie</subfield>
            <subfield code="1">https://www.imdb.com/title/tt0071877</subfield>
        </datafield>
        <datafield tag="245" ind1="0" ind2="0">
            <subfield code="a">Murder on the orient express</subfield>
        </datafield>
        <datafield tag="264" ind1=" " ind2="2">
            <subfield code="b">Universal Pictures Nordic</subfield>
            <subfield code="c">[2008]</subfield>
        </datafield>
        <datafield tag="300" ind1=" " ind2=" ">
            <subfield code="a">1 plate (DVD) (122 minutter)</subfield>
        </datafield>
        <!--<datafield tag="336" ind1=" " ind2=" ">
            <subfield code="a">lyder</subfield>
            <subfield code="0">http://rdaregistry.info/termList/RDAContentType/1012</subfield>
            <subfield code="2">rdaco</subfield>
        </datafield>-->
        <datafield tag="336" ind1=" " ind2=" ">
            <subfield code="a">todimensjonalt levende bilde</subfield>
            <subfield code="0">http://rdaregistry.info/termList/RDAContentType/1023</subfield>
            <subfield code="2">rdaco</subfield>
        </datafield>
        <datafield tag="337" ind1=" " ind2=" ">
            <subfield code="a">video</subfield>
            <subfield code="0">http://rdaregistry.info/termList/RDAMediaType/1008</subfield>
            <subfield code="2">rdamt</subfield>
        </datafield>
        <datafield tag="338" ind1=" " ind2=" ">
            <subfield code="a">videodisk</subfield>
            <subfield code="0">http://rdaregistry.info/termList/RDACarrierType/1060</subfield>
            <subfield code="2">rdact</subfield>
        </datafield>
        <datafield tag="500" ind1=" " ind2=" ">
            <subfield code="a">Aldersgrense: 15 år</subfield>
        </datafield>
        <datafield tag="500" ind1=" " ind2=" ">
            <subfield code="a">Medietilsynet: 123213</subfield>
        </datafield>
        <datafield tag="500" ind1=" " ind2=" ">
            <subfield code="a">Produksjonsår: 1974</subfield>
        </datafield>
        <datafield tag="500" ind1=" " ind2=" ">
            <subfield code="a">Regissør: Sidney Lumet</subfield>
        </datafield>
        <datafield tag="500" ind1=" " ind2=" ">
            <subfield code="a">Rolleliste: Albert Finney, Lauren Bacall, Martin Balsam med flere</subfield>
        </datafield>
        <datafield tag="500" ind1=" " ind2=" ">
            <subfield code="a">Undertekster på blant annet norsk</subfield>
        </datafield>
        <datafield tag="700" ind1="1" ind2=" ">
            <subfield code="a">Bacall, Lauren</subfield>
            <subfield code="d">1924-2014</subfield>
            <subfield code="0">(NO-TrBIB)90850443</subfield>
            <subfield code="4">http://rdaregistry.info/Elements/e/object/P20012</subfield>
            <subfield code="1">https://www.imdb.com/name/nm0000002</subfield>
        </datafield>
        <datafield tag="700" ind1="1" ind2=" ">
            <subfield code="a">Balsam, Martin</subfield>
            <subfield code="d">1919-1996</subfield>
            <subfield code="0">(NO-TrBIB)99016656</subfield>
            <subfield code="4">http://rdaregistry.info/Elements/e/object/P20012</subfield>
            <subfield code="1">https://www.imdb.com/name/nm0000842</subfield>
        </datafield>
        <datafield tag="700" ind1="1" ind2=" ">
            <subfield code="a">Finney, Albert</subfield>
            <subfield code="d">1936-</subfield>
            <subfield code="0">(NO-TrBIB)90921889</subfield>
            <subfield code="4">http://rdaregistry.info/Elements/e/object/P20012</subfield>
            <subfield code="1">https://www.imdb.com/name/nm0001215</subfield>
        </datafield>
        <datafield tag="700" ind1="1" ind2=" ">
            <subfield code="a">Lumet, Sidney</subfield>
            <subfield code="d">1924-2011</subfield>
            <subfield code="0">(NO-TrBIB)90824079</subfield>
            <subfield code="4">http://rdaregistry.info/Elements/w/object/P10013</subfield>
            <subfield code="1">https://www.imdb.com/name/nm0001486</subfield>
        </datafield>
        <datafield tag="700" ind1="1" ind2=" ">
            <subfield code="a">Christie, Agatha,</subfield>
            <subfield code="d">1890-1976.</subfield>
            <subfield code="k">Novel</subfield>
            <subfield code="t">Murder on the Orient Express</subfield>
            <subfield code="1">http://viaf.org/viaf/316741387</subfield>
            <subfield code="4">http://rdaregistry.info/Elements/w/object/P10129</subfield>
        </datafield>
    </record>