
    <record>
        <leader>01793ngm a22003615c 4500</leader>
        <controlfield tag="001">999921241891502201</controlfield>
        <controlfield tag="005">20201104114828.0</controlfield>
        <controlfield tag="007">vd#csa|||</controlfield>
        <controlfield tag="008">201104s    1974xx     |     |    v|eng|c</controlfield>
        <datafield ind1="0" ind2=" " tag="041">
            <subfield code="j">nob</subfield>
        </datafield>
        <datafield ind1="1" ind2="0" tag="130">
            <subfield code="a">Murder on the Orient Express</subfield>
            <subfield code="k">Movie</subfield>
            <subfield code="1">https://www.imdb.com/title/tt0071877</subfield>
        </datafield>
        <datafield ind1="0" ind2="0" tag="245">
            <subfield code="a">Murder on the Orient Express</subfield>
            <subfield code="h">[videoopptak]</subfield>
            <subfield code="c">directed by Sidney Lumet</subfield>
        </datafield>
        <datafield ind1=" " ind2=" " tag="260">
            <subfield code="b">Universal Sony Pictures Home Entertainment Nordic</subfield>
            <subfield code="c">2013</subfield>
        </datafield>
        <datafield ind1=" " ind2=" " tag="300">
            <subfield code="a">1 plate (Blu-ray) (2 t 9 min)</subfield>
            <subfield code="b">lyd, kol.</subfield>
        </datafield>
        <datafield tag="336" ind1=" " ind2=" ">
            <subfield code="a">todimensjonalt levende bilde</subfield>
            <subfield code="0">http://rdaregistry.info/termList/RDAContentType/1023</subfield>
            <subfield code="2">rdaco</subfield>
        </datafield>
        <datafield tag="337" ind1=" " ind2=" ">
            <subfield code="a">video</subfield>
            <subfield code="0">http://rdaregistry.info/termList/RDAMediaType/1008</subfield>
            <subfield code="2">rdamt</subfield>
        </datafield>
        <datafield tag="338" ind1=" " ind2=" ">
            <subfield code="a">videodisk</subfield>
            <subfield code="0">http://rdaregistry.info/termList/RDACarrierType/1060</subfield>
            <subfield code="2">rdact</subfield>
        </datafield>
        <datafield ind1=" " ind2=" " tag="500">
            <subfield code="a">Produksjon: Storbritannia / USA, 1974</subfield>
        </datafield>
        <datafield ind1=" " ind2=" " tag="500">
            <subfield code="a">Basert på en roman av Agatha Christie</subfield>
        </datafield>
        <datafield ind1=" " ind2=" " tag="500">
            <subfield code="a">Kodet for region A, B &amp; C</subfield>
        </datafield>
        <datafield ind1=" " ind2=" " tag="500">
            <subfield code="a">Medietilsynet: 123213</subfield>
        </datafield>
        <datafield ind1="1" ind2=" " tag="511">
            <subfield code="a">Albert Finney, Lauren Bacall, Martin Balsam, Ingrid Bergman, Jacqueline Bisset, Jean-Pierre Cassel, Sean Connery, John Gielgud, Wendy Hiller, Anthony Perkins, Vanessa Redgrave, Rachel Roberts, Richard Widmark, Michael York</subfield>
        </datafield>
        <datafield ind1=" " ind2=" " tag="546">
            <subfield code="a">Tale: engelsk, tekst: norsk, svensk, dansk, finsk, engelsk, fransk, m.fl.</subfield>
        </datafield>
        <datafield ind1="1" ind2=" " tag="700">
            <subfield code="a">Lumet, Sidney</subfield>
            <subfield code="d">1924-2011</subfield>
            <subfield code="0">(NO-TrBIB)90824079</subfield>
            <subfield code="4">drt</subfield>
            <subfield code="4">http://rdaregistry.info/Elements/w/object/P10013</subfield>
            <subfield code="1">https://www.imdb.com/name/nm0001486</subfield>
        </datafield>
        <datafield ind1="1" ind2=" " tag="700">
            <subfield code="a">Finney, Albert</subfield>
            <subfield code="d">1936-</subfield>
            <subfield code="0">(NO-TrBIB)90921889</subfield>
            <subfield code="4">act</subfield>
            <subfield code="4">http://rdaregistry.info/Elements/e/object/P20012</subfield>
            <subfield code="1">https://www.imdb.com/name/nm0001215</subfield>
        </datafield>
        <datafield ind1="1" ind2=" " tag="700">
            <subfield code="a">Bacall, Lauren</subfield>
            <subfield code="d">1924-2014</subfield>
            <subfield code="0">(NO-TrBIB)90850443</subfield>
            <subfield code="4">act</subfield>
            <subfield code="4">http://rdaregistry.info/Elements/e/object/P20012</subfield>
            <subfield code="1">https://www.imdb.com/name/nm0000002</subfield>
        </datafield>
        <datafield ind1="1" ind2=" " tag="700">
            <subfield code="a">Balsam, Martin</subfield>
            <subfield code="d">1919-1996</subfield>
            <subfield code="0">(NO-TrBIB)99016656</subfield>
            <subfield code="4">act</subfield>
            <subfield code="4">http://rdaregistry.info/Elements/e/object/P20012</subfield>
            <subfield code="1">https://www.imdb.com/name/nm0000842</subfield>
        </datafield>
        <datafield ind1="1" ind2=" " tag="700">
            <subfield code="a">Bergman, Ingrid</subfield>
            <subfield code="d">1915-1982</subfield>
            <subfield code="0">(NO-TrBIB)90063742</subfield>
            <subfield code="4">act</subfield>
            <subfield code="4">http://rdaregistry.info/Elements/e/object/P20012</subfield>
            <subfield code="1">https://www.imdb.com/name/nm0000006</subfield>
        </datafield>
        <datafield ind1="1" ind2=" " tag="700">
            <subfield code="a">Bisset, Jacqueline</subfield>
            <subfield code="0">(NO-TrBIB)99001147</subfield>
            <subfield code="4">act</subfield>
            <subfield code="4">http://rdaregistry.info/Elements/e/object/P20012</subfield>
            <subfield code="1">https://www.imdb.com/name/nm0000302</subfield>
        </datafield>
        <datafield ind1="1" ind2=" " tag="700">
            <subfield code="a">Cassel, Jean Pierre</subfield>
            <subfield code="0">(NO-TrBIB)8009853</subfield>
            <subfield code="4">act</subfield>
            <subfield code="4">http://rdaregistry.info/Elements/e/object/P20012</subfield>
            <subfield code="1">https://www.imdb.com/name/nm0144045</subfield>
        </datafield>
        <datafield ind1="1" ind2=" " tag="700">
            <subfield code="a">Connery, Sean</subfield>
            <subfield code="d">1930-2020</subfield>
            <subfield code="0">(NO-TrBIB)90265086</subfield>
            <subfield code="4">act</subfield>
            <subfield code="4">http://rdaregistry.info/Elements/e/object/P20012</subfield>
            <subfield code="1">https://www.imdb.com/name/nm0000125</subfield>
        </datafield>
        <datafield ind1="0" ind2=" " tag="740">
            <subfield code="a">Agatha Christie's Murder on the Orient Express</subfield>
        </datafield>
        <datafield ind1="0" ind2=" " tag="740">
            <subfield code="a">Mord på Orientekspressen</subfield>
        </datafield>
        <datafield ind1="0" ind2=" " tag="740">
            <subfield code="a">Hercule Poirot</subfield>
        </datafield>
        <datafield tag="600" ind1="1" ind2="0">
            <subfield code="a">Poirot, Hercule</subfield>
            <subfield code="c">(Fictitious character)</subfield>
            <subfield code="v">Fiction.</subfield>
            <subfield code="1">http://viaf.org/viaf/22943082</subfield>
        </datafield>
        <datafield tag="700" ind1="1" ind2=" ">
            <subfield code="a">Christie, Agatha,</subfield>
            <subfield code="d">1890-1976.</subfield>
            <subfield code="k">Novel</subfield>
            <subfield code="t">Murder on the Orient Express</subfield>
            <subfield code="1">http://viaf.org/viaf/316741387</subfield>
            <subfield code="4">http://rdaregistry.info/Elements/w/object/P10129</subfield>
        </datafield>
    </record>