
    <!-- Movie collection -->
    <!--<record xmlns="http://www.loc.gov/MARC21/slim">
        <leader>00525cgm a2200193 c 4500</leader>
        <controlfield tag="001">990424921304702201</controlfield>
        <controlfield tag="005">20160519155610.0</controlfield>
        <controlfield tag="007">vd |v||||</controlfield>
        <controlfield tag="008">150216s2004    xx#|||||||||||####v|und|d</controlfield>
        <datafield ind1=" " ind2=" " tag="035">
            <subfield code="a">042492130-47bibsys_network</subfield>
        </datafield>
        <datafield ind1=" " ind2=" " tag="035">
            <subfield code="a">(NO-TrBIB)042492130</subfield>
        </datafield>
        <datafield ind1=" " ind2=" " tag="040">
            <subfield code="a">NO-TrBIB</subfield>
            <subfield code="b">nob</subfield>
            <subfield code="e">katreg</subfield>
        </datafield>
        <datafield ind1="0" ind2="0" tag="130">
            <subfield code="a">The Agatha Christie collection</subfield>
            <subfield code="h">Collection</subfield>
            <subfield code="1">http://example.com/collections/christie/movies</subfield>
        </datafield>
        <datafield ind1="0" ind2="0" tag="245">
            <subfield code="a">The Agatha Christie collection</subfield>
            <subfield code="h">[videoopptak]</subfield>
        </datafield>
        <datafield ind1=" " ind2=" " tag="260">
            <subfield code="a">[Oslo]</subfield>
            <subfield code="b">Star Media</subfield>
            <subfield code="c">2004</subfield>
        </datafield>
        <datafield ind1=" " ind2=" " tag="300">
            <subfield code="a">5 plater (DVD)</subfield>
            <subfield code="b">digital</subfield>
            <subfield code="c">12 cm</subfield>
        </datafield>
        <datafield tag="336" ind1=" " ind2=" ">
            <subfield code="a">todimensjonalt levende bilde</subfield>
            <subfield code="0">http://rdaregistry.info/termList/RDAContentType/1023</subfield>
            <subfield code="2">rdaco</subfield>
        </datafield>
        <datafield tag="337" ind1=" " ind2=" ">
            <subfield code="a">video</subfield>
            <subfield code="0">http://rdaregistry.info/termList/RDAMediaType/1008</subfield>
            <subfield code="2">rdamt</subfield>
        </datafield>
        <datafield tag="338" ind1=" " ind2=" ">
            <subfield code="a">videodisk</subfield>
            <subfield code="0">http://rdaregistry.info/termList/RDACarrierType/1060</subfield>
            <subfield code="2">rdact</subfield>
        </datafield>
        <datafield ind1=" " ind2=" " tag="500">
            <subfield code="a">SF Reg.nr. 53189</subfield>
        </datafield>
        <datafield ind1=" " ind2=" " tag="653">
            <subfield code="a">krim</subfield>
        </datafield>
        <datafield ind1="0" ind2="1" tag="852">
            <subfield code="a">47BIBSYS_HH</subfield>
            <subfield code="6">999919813593502214</subfield>
            <subfield code="9">P</subfield>
        </datafield>
        <datafield ind1=" " ind2=" " tag="901">
            <subfield code="a">80</subfield>
        </datafield>
        <datafield ind1=" " ind2=" " tag="991">
            <subfield code="a">volumes</subfield>
        </datafield>
    </record>