
    <record>
        <leader>02054 am a2200385ua 4500</leader>
        <controlfield tag="001">006716310</controlfield>
        <controlfield tag="003">Uk</controlfield>
        <controlfield tag="005">20160118100827.0</controlfield>
        <controlfield tag="008">031006s2003    enk    ||     000 j|eng  </controlfield>
        <datafield tag="019" ind1="1" ind2=" ">
            <subfield code="a">0007171137</subfield>
        </datafield>
        <datafield tag="020" ind1=" " ind2=" ">
            <subfield code="a">0007171137 (pbk.) :</subfield>
            <subfield code="c">£12.99</subfield>
        </datafield>
        <datafield tag="082" ind1="0" ind2="4">
            <subfield code="a">823.912</subfield>
            <subfield code="2">21</subfield>
        </datafield>
        <datafield tag="100" ind1="1" ind2=" ">
            <subfield code="a">Christie, Agatha,</subfield>
            <subfield code="d">1890-1976.</subfield>
            <subfield code="1">https://isni.org/isni/0000000121022127</subfield>
            <subfield code="4">http://rdaregistry.info/Elements/w/object/P10061</subfield>
        </datafield>
        <datafield tag="240" ind1="0" ind2="0">
            <subfield code="a">Poirot : the French collection</subfield>
            <subfield code="k">Collection</subfield>
            <subfield code="1">https://isni.org/isni/0000000121022127/frenchcollection</subfield>
        </datafield>
        <datafield tag="245" ind1="1" ind2="0">
            <subfield code="a">Poirot :</subfield>
            <subfield code="b">the French collection : The murder on the links, The mystery of the blue train, Death in the clouds /</subfield>
            <subfield code="c">Agatha Christie.</subfield>
        </datafield>
        <datafield tag="260" ind1=" " ind2=" ">
            <subfield code="a">London :</subfield>
            <subfield code="b">HarperCollins,</subfield>
            <subfield code="c">c2003.</subfield>
        </datafield>
        <datafield tag="300" ind1=" " ind2=" ">
            <subfield code="a">552 p. ;</subfield>
            <subfield code="c">20 cm.</subfield>
        </datafield>
        <datafield tag="336" ind1=" " ind2=" ">
            <subfield code="a">text</subfield>
            <subfield code="2">rdacontent</subfield>
            <subfield code="0">http://rdaregistry.info/termList/RDAContentType/1020</subfield>
        </datafield>
        <datafield tag="337" ind1=" " ind2=" ">
            <subfield code="a">unmediated</subfield>
            <subfield code="2">rdamedia</subfield>
            <subfield code="0">http://rdaregistry.info/termList/RDAMediaType/1007</subfield>
        </datafield>
        <datafield tag="338" ind1=" " ind2=" ">
            <subfield code="a">volume</subfield>
            <subfield code="2">rdacarrier</subfield>
            <subfield code="0">http://rdaregistry.info/termList/RDACarrierType/1049</subfield>
        </datafield>
        <datafield tag="380" ind1=" " ind2=" ">
            <subfield code="a">Language-based work</subfield>
            <subfield code="2">rdacarrier</subfield>
            <subfield code="0">https://schema.nb.no/Bibliographic/Values/V1000</subfield>
        </datafield>
        <datafield tag="505" ind1="0" ind2=" ">
            <subfield code="a">Murder on the links -- The mystery of the blue train -- Death in the clouds</subfield>
        </datafield>
        <datafield tag="600" ind1="1" ind2="0">
            <subfield code="a">Poirot, Hercule</subfield>
            <subfield code="c">(Fictitious character)</subfield>
            <subfield code="v">Fiction.</subfield>
            <subfield code="1">http://viaf.org/viaf/22943082</subfield>
        </datafield>
        <datafield tag="700" ind1="1" ind2="2">
            <subfield code="a">Christie, Agatha,</subfield>
            <subfield code="d">1890-1976.</subfield>
            <subfield code="k">Novel</subfield>
            <subfield code="t">Death in the clouds.</subfield>
            <subfield code="1">http://viaf.org/viaf/73145424522186831318</subfield>
        </datafield>
        <datafield tag="700" ind1="1" ind2="2">
            <subfield code="a">Christie, Agatha,</subfield>
            <subfield code="d">1890-1976.</subfield>
            <subfield code="k">Novel</subfield>
            <subfield code="t">Murder on the links.</subfield>
            <subfield code="1">http://viaf.org/viaf/5243165573959737800001</subfield>
        </datafield>
        <datafield tag="700" ind1="1" ind2="2">
            <subfield code="a">Christie, Agatha,</subfield>
            <subfield code="d">1890-1976.</subfield>
            <subfield code="k">Novel</subfield>
            <subfield code="t">Mystery of the blue train.</subfield>
            <subfield code="1">http://viaf.org/viaf/1009145424587286830098</subfield>
        </datafield>
    </record>