
    <record>
        <leader>00879 am a2200277 x 4500</leader>
        <controlfield tag="001">991942003804341</controlfield>
        <controlfield tag="005">20161025091624.0</controlfield>
        <controlfield tag="008">781020r19781930enk     w     00011 eng  </controlfield>
        <datafield tag="020" ind1=" " ind2=" ">
            <subfield code="a">0002444909</subfield>
        </datafield>
        <datafield tag="049" ind1="0" ind2="0">
            <subfield code="a">NL</subfield>
            <subfield code="b">800606</subfield>
            <subfield code="c">NL</subfield>
            <subfield code="d">800606</subfield>
            <subfield code="e">E</subfield>
            <subfield code="f">200</subfield>
            <subfield code="g">NL</subfield>
            <subfield code="h">*</subfield>
            <subfield code="i">NL</subfield>
            <subfield code="z">EC NL</subfield>
        </datafield>
        <datafield tag="082" ind1="0" ind2="0">
            <subfield code="a">823/.9/1</subfield>
            <subfield code="2">18</subfield>
            <subfield code="d">F</subfield>
        </datafield>
        <datafield tag="100" ind1="1" ind2=" ">
            <subfield code="a">Christie, Agatha</subfield>
            <subfield code="d">1890-1976.</subfield>
            <subfield code="1">https://isni.org/isni/0000000121022127</subfield>
            <subfield code="4">http://rdaregistry.info/Elements/w/object/P10061</subfield>
        </datafield>
        <datafield tag="240" ind1="0" ind2="2">
            <subfield code="a">A Miss Marple quintet</subfield>
            <subfield code="1">https://isni.org/isni/0000000121022127/missmarplequintet</subfield>
            <subfield code="8">p</subfield>
        </datafield>
        <datafield tag="245" ind1="1" ind2="2">
            <subfield code="a">A Miss Marple quintet</subfield>
            <subfield code="c">Agatha Christie</subfield>
        </datafield>
        <datafield tag="740" ind1="0" ind2="2">
            <subfield code="a">A Miss Marple quintet</subfield>
            <subfield code="8">p</subfield>
        </datafield>
        <datafield tag="260" ind1=" " ind2=" ">
            <subfield code="a">London</subfield>
            <subfield code="b">Collins</subfield>
            <subfield code="c">1978</subfield>
        </datafield>
        <datafield tag="300" ind1=" " ind2=" ">
            <subfield code="a">901p</subfield>
            <subfield code="c">23cm</subfield>
        </datafield>
        <datafield tag="336" ind1=" " ind2=" ">
            <subfield code="a">text</subfield>
            <subfield code="2">rdacontent</subfield>
            <subfield code="0">http://rdaregistry.info/termList/RDAContentType/1020</subfield>
        </datafield>
        <datafield tag="337" ind1=" " ind2=" ">
            <subfield code="a">unmediated</subfield>
            <subfield code="2">rdamedia</subfield>
            <subfield code="0">http://rdaregistry.info/termList/RDAMediaType/1007</subfield>
        </datafield>
        <datafield tag="338" ind1=" " ind2=" ">
            <subfield code="a">volume</subfield>
            <subfield code="2">rdacarrier</subfield>
            <subfield code="0">http://rdaregistry.info/termList/RDACarrierType/1049</subfield>
        </datafield>
        <datafield tag="350" ind1="0" ind2="0">
            <subfield code="a">£4.95</subfield>
        </datafield>
        <datafield tag="490" ind1="0" ind2="0">
            <subfield code="a">Collins collector's choice</subfield>
        </datafield>
        <datafield tag="505" ind1="0" ind2="0">
            <subfield code="a">The murder at the vicarage - A murder is announced - A pocket full of rye - The mirror crack'd from side to side - At Bertram's Hotel</subfield>
        </datafield>
        <datafield tag="600" ind1="1" ind2="0">
            <subfield code="a">Marple, Jane</subfield>
            <subfield code="c">(Fictitious character)</subfield>
            <subfield code="v">Fiction.</subfield>
            <subfield code="1">http://viaf.org/viaf/20152329368502672984</subfield>
        </datafield>
        <datafield tag="700" ind1="1" ind2="2">
            <subfield code="a">Christie, Agatha,</subfield>
            <subfield code="d">1890-1976.</subfield>
            <subfield code="k">Novel</subfield>
            <subfield code="t">The murder at the vicarage</subfield>
            <subfield code="1">http://viaf.org/viaf/1846151051771433530005</subfield>
        </datafield>
        <datafield tag="700" ind1="1" ind2="2">
            <subfield code="a">Christie, Agatha,</subfield>
            <subfield code="d">1890-1976.</subfield>
            <subfield code="k">Novel</subfield>
            <subfield code="t">A murder is announced</subfield>
            <subfield code="1">http://viaf.org/viaf/181004220</subfield>
        </datafield>
        <datafield tag="700" ind1="1" ind2="2">
            <subfield code="a">Christie, Agatha,</subfield>
            <subfield code="d">1890-1976.</subfield>
            <subfield code="k">Novel</subfield>
            <subfield code="t">A pocket full of rye</subfield>
            <subfield code="1">http://viaf.org/viaf/780165573946837800003</subfield>
        </datafield>
        <datafield tag="700" ind1="1" ind2="2">
            <subfield code="a">Christie, Agatha,</subfield>
            <subfield code="d">1890-1976.</subfield>
            <subfield code="k">Novel</subfield>
            <subfield code="t">The mirror crack'd from side to side</subfield>
            <subfield code="1">http://viaf.org/viaf/308553963</subfield>
        </datafield>
        <datafield tag="700" ind1="1" ind2="2">
            <subfield code="a">Christie, Agatha,</subfield>
            <subfield code="d">1890-1976.</subfield>
            <subfield code="k">Novel</subfield>
            <subfield code="t">At Bertram's Hotel</subfield>
            <subfield code="1">http://viaf.org/viaf/7037151474835800490008</subfield>
        </datafield>
    </record>