
    <record>
        <leader>00765pam a2200265 x 4500</leader>
        <controlfield tag="001">9918105273804341</controlfield>
        <controlfield tag="005">20171124152648.0</controlfield>
        <controlfield tag="008">910528r19911985enka          00010 eng b</controlfield>
        <datafield tag="020" ind1=" " ind2=" ">
            <subfield code="a">0747409048</subfield>
        </datafield>
        <datafield tag="020" ind1="1" ind2="0">
            <subfield code="a">0747409048</subfield>
            <subfield code="c">m</subfield>
        </datafield>
        <datafield tag="082" ind1="0" ind2="0">
            <subfield code="a">823.912</subfield>
            <subfield code="2">20</subfield>
        </datafield>
        <datafield tag="100" ind1="1" ind2=" ">
            <subfield code="a">Hart, Anne</subfield>
            <subfield code="1">http://viaf.org/viaf/79360006</subfield>
            <subfield code="4">http://rdaregistry.info/Elements/w/object/P10061</subfield>
        </datafield>
        <datafield tag="240" ind1="1" ind2="0">
            <subfield code="a">Agatha Christie's Miss Marple : the life and times of Miss Jane Marple</subfield>
            <subfield code="1">http://viaf.org/viaf/1097151656348508400001</subfield>
        </datafield>
        <datafield tag="245" ind1="1" ind2="4">
            <subfield code="a">The life and times of Miss Jane Marple /</subfield>
            <subfield code="c">by Anne Hart.</subfield>
        </datafield>
        <datafield tag="260" ind1=" " ind2=" ">
            <subfield code="a">London :</subfield>
            <subfield code="b">Sphere,</subfield>
            <subfield code="c">1990,c1985.</subfield>
        </datafield>
        <datafield tag="300" ind1=" " ind2=" ">
            <subfield code="a">x,176p</subfield>
            <subfield code="b">ill</subfield>
            <subfield code="c">18cm</subfield>
            <subfield code="e">pbk</subfield>
        </datafield>
        <datafield tag="336" ind1=" " ind2=" ">
            <subfield code="a">text</subfield>
            <subfield code="2">rdacontent</subfield>
            <subfield code="0">http://rdaregistry.info/termList/RDAContentType/1020</subfield>
        </datafield>
        <datafield tag="337" ind1=" " ind2=" ">
            <subfield code="a">unmediated</subfield>
            <subfield code="2">rdamedia</subfield>
            <subfield code="0">http://rdaregistry.info/termList/RDAMediaType/1007</subfield>
        </datafield>
        <datafield tag="338" ind1=" " ind2=" ">
            <subfield code="a">volume</subfield>
            <subfield code="2">rdacarrier</subfield>
            <subfield code="0">http://rdaregistry.info/termList/RDACarrierType/1049</subfield>
        </datafield>
        <datafield tag="350" ind1="0" ind2="0">
            <subfield code="a">£3.50  : CIP rev.</subfield>
        </datafield>
        <datafield tag="500" ind1=" " ind2=" ">
            <subfield code="a">Originally published: New York : Dodd, Mead, 1985</subfield>
        </datafield>
        <datafield tag="504" ind1="0" ind2="0">
            <subfield code="a">Bibliography: p162</subfield>
        </datafield>
        <datafield tag="600" ind1="1" ind2=" ">
            <subfield code="a">Christie, Agatha,</subfield>
            <subfield code="d">1890-1976.</subfield>
            <subfield code="1">https://isni.org/isni/0000000121022127</subfield>
        </datafield>
        <datafield tag="600" ind1="1" ind2="0">
            <subfield code="a">Marple, Jane</subfield>
            <subfield code="c">(Fictitious character)</subfield>
            <subfield code="v">Fiction.</subfield>
            <subfield code="1">http://viaf.org/viaf/20152329368502672984</subfield>
        </datafield>
    </record>