
    <record>
        <leader>00738cam a2200265 x 4500</leader>
        <controlfield tag="001">9912313443804341</controlfield>
        <controlfield tag="008">870218r19861985enkb    w     00011 eng  </controlfield>
        <datafield tag="016" ind1="0" ind2="0">
            <subfield code="a">100=NOTNAL</subfield>
        </datafield>
        <datafield tag="017" ind1="0" ind2="0">
            <subfield code="a">300</subfield>
        </datafield>
        <datafield tag="020" ind1=" " ind2=" ">
            <subfield code="a">0333426541</subfield>
        </datafield>
        <datafield tag="082" ind1="0" ind2="0">
            <subfield code="a">813/.54</subfield>
            <subfield code="d">F</subfield>
            <subfield code="2">19</subfield>
        </datafield>
        <datafield tag="100" ind1="1" ind2=" ">
            <subfield code="a">Hart, Anne</subfield>
            <subfield code="1">http://viaf.org/viaf/79360006</subfield>
            <subfield code="4">http://rdaregistry.info/Elements/w/object/P10061</subfield>
        </datafield>
        <datafield tag="240" ind1="1" ind2="0">
            <subfield code="a">Agatha Christie's Miss Marple : the life and times of Miss Jane Marple</subfield>
            <subfield code="1">http://viaf.org/viaf/1097151656348508400001</subfield>
        </datafield>
        <datafield tag="245" ind1="1" ind2="4">
            <subfield code="a">The life and times of Miss Jane Marple</subfield>
            <subfield code="c">by Anne Hart</subfield>
        </datafield>
        <datafield tag="260" ind1=" " ind2=" ">
            <subfield code="a">London</subfield>
            <subfield code="b">Macmillan</subfield>
            <subfield code="c">1986, c1985</subfield>
        </datafield>
        <datafield tag="300" ind1=" " ind2=" ">
            <subfield code="a">161p</subfield>
            <subfield code="i">1map</subfield>
            <subfield code="c">23cm</subfield>
        </datafield>
        <datafield tag="336" ind1=" " ind2=" ">
            <subfield code="a">text</subfield>
            <subfield code="2">rdacontent</subfield>
            <subfield code="0">http://rdaregistry.info/termList/RDAContentType/1020</subfield>
        </datafield>
        <datafield tag="337" ind1=" " ind2=" ">
            <subfield code="a">unmediated</subfield>
            <subfield code="2">rdamedia</subfield>
            <subfield code="0">http://rdaregistry.info/termList/RDAMediaType/1007</subfield>
        </datafield>
        <datafield tag="338" ind1=" " ind2=" ">
            <subfield code="a">volume</subfield>
            <subfield code="2">rdacarrier</subfield>
            <subfield code="0">http://rdaregistry.info/termList/RDACarrierType/1049</subfield>
        </datafield>
        <datafield tag="350" ind1="0" ind2="0">
            <subfield code="a">£8.95 : CIP rev.</subfield>
        </datafield>
        <datafield tag="500" ind1=" " ind2=" ">
            <subfield code="a">Originally published: New York : Dodd, Mead, 1985</subfield>
        </datafield>
        <datafield tag="504" ind1="0" ind2="0">
            <subfield code="a">Bibliography: p144-161</subfield>
        </datafield>
        <datafield tag="600" ind1="1" ind2=" ">
            <subfield code="a">Christie, Agatha,</subfield>
            <subfield code="d">1890-1976.</subfield>
            <subfield code="1">https://isni.org/isni/0000000121022127</subfield>
        </datafield>
        <datafield tag="600" ind1="1" ind2="0">
            <subfield code="a">Marple, Jane</subfield>
            <subfield code="c">(Fictitious character)</subfield>
            <subfield code="v">Fiction.</subfield>
            <subfield code="1">http://viaf.org/viaf/20152329368502672984</subfield>
        </datafield>
    </record>