
    <record>
        <leader>01237cam a2200313 x 4500</leader>
        <controlfield tag="001">994016453804341</controlfield>
        <controlfield tag="005">20161025104332.0</controlfield>
        <controlfield tag="008">980121s1997    enk           0001j eng b</controlfield>
        <datafield tag="010" ind1=" " ind2=" ">
            <subfield code="a">b  97059464 </subfield>
        </datafield>
        <datafield tag="020" ind1="1" ind2="0">
            <subfield code="a">0006499597</subfield>
            <subfield code="c">x</subfield>
            <subfield code="c">v.1</subfield>
            <subfield code="c">£8.99</subfield>
        </datafield>
        <datafield tag="020" ind1="1" ind2="0">
            <subfield code="a">0006499600</subfield>
            <subfield code="c">x</subfield>
            <subfield code="c">v.2</subfield>
            <subfield code="c">£8.99</subfield>
        </datafield>
        <datafield tag="020" ind1="1" ind2="0">
            <subfield code="a">0006499619</subfield>
            <subfield code="c">x</subfield>
            <subfield code="c">v.3</subfield>
            <subfield code="c">£8.99</subfield>
        </datafield>
        <datafield tag="082" ind1="0" ind2="0">
            <subfield code="a">823.912</subfield>
            <subfield code="2">21</subfield>
            <subfield code="d">F</subfield>
        </datafield>
        <datafield tag="100" ind1="1" ind2=" ">
            <subfield code="a">Christie, Agatha,</subfield>
            <subfield code="d">1890-1976.</subfield>
            <subfield code="1">https://isni.org/isni/0000000121022127</subfield>
            <subfield code="4">http://rdaregistry.info/Elements/w/object/P10061</subfield>
        </datafield>
        <datafield tag="240" ind1="0" ind2="0">
            <subfield code="a">Miss Marple omnibus</subfield>
            <subfield code="1">https://isni.org/isni/0000000121022127/missmarpleomnibus</subfield>
        </datafield>
        <datafield tag="245" ind1="1" ind2="0">
            <subfield code="a">Miss Marple omnibus /</subfield>
            <subfield code="c">Agatha Christie.</subfield>
        </datafield>
        <datafield tag="260" ind1=" " ind2=" ">
            <subfield code="a">London :</subfield>
            <subfield code="b">HarperCollins,</subfield>
            <subfield code="c">1997.</subfield>
        </datafield>
        <datafield tag="300" ind1=" " ind2=" ">
            <subfield code="f">3</subfield>
            <subfield code="a">717,654,694p</subfield>
            <subfield code="c">20cm</subfield>
            <subfield code="e">pbk</subfield>
            <subfield code="n">v.</subfield>
        </datafield>
        <datafield tag="336" ind1=" " ind2=" ">
            <subfield code="a">text</subfield>
            <subfield code="2">rdacontent</subfield>
            <subfield code="0">http://rdaregistry.info/termList/RDAContentType/1020</subfield>
        </datafield>
        <datafield tag="337" ind1=" " ind2=" ">
            <subfield code="a">unmediated</subfield>
            <subfield code="2">rdamedia</subfield>
            <subfield code="0">http://rdaregistry.info/termList/RDAMediaType/1007</subfield>
        </datafield>
        <datafield tag="338" ind1=" " ind2=" ">
            <subfield code="a">volume</subfield>
            <subfield code="2">rdacarrier</subfield>
            <subfield code="0">http://rdaregistry.info/termList/RDACarrierType/1049</subfield>
        </datafield>
        <datafield tag="350" ind1="0" ind2="0">
            <subfield code="a">No price</subfield>
        </datafield>
        <datafield tag="505" ind1="0" ind2="0">
            <subfield code="a">The body in the library -- The moving finger -- A murder is announced -- 4.50 from Paddington 
                                --  A Caribbean mystery -- A pocket full of Rye -- The mirror cracked from side to side 
                                -- They do it with mirrors -- Nemesis -- Sleeping murder -- At Bertram's hotel -- The murder at the vicarage</subfield>
        </datafield>
        <datafield tag="600" ind1="1" ind2="0">
            <subfield code="a">Marple, Jane</subfield>
            <subfield code="c">(Fictitious character)</subfield>
            <subfield code="v">Fiction.</subfield>
            <subfield code="1">http://viaf.org/viaf/20152329368502672984</subfield>
        </datafield>
        <!-- The body in the library - The moving finger - A murder is announced - 4.50 from Paddington  -->
        <datafield tag="700" ind1="1" ind2="2">
            <subfield code="a">Christie, Agatha,</subfield>
            <subfield code="d">1890-1976.</subfield>
            <subfield code="k">Novel</subfield>
            <subfield code="t">The body in the library</subfield>
            <subfield code="1">http://viaf.org/viaf/184645888</subfield>
        </datafield>
        <datafield tag="700" ind1="1" ind2="2">
            <subfield code="a">Christie, Agatha,</subfield>
            <subfield code="d">1890-1976.</subfield>
            <subfield code="k">Novel</subfield>
            <subfield code="t">The moving finger</subfield>
            <subfield code="1">http://viaf.org/viaf/310912134</subfield>
        </datafield>
        <datafield tag="700" ind1="1" ind2="2">
            <subfield code="a">Christie, Agatha,</subfield>
            <subfield code="d">1890-1976.</subfield>
            <subfield code="k">Novel</subfield>
            <subfield code="t">A murder is announced</subfield>
            <subfield code="1">http://viaf.org/viaf/181004220</subfield>
        </datafield>
        <datafield tag="700" ind1="1" ind2="2">
            <subfield code="a">Christie, Agatha,</subfield>
            <subfield code="d">1890-1976.</subfield>
            <subfield code="k">Novel</subfield>
            <subfield code="t">4.50 from Paddington</subfield>
            <subfield code="1">http://viaf.org/viaf/176021540</subfield>
        </datafield>
        <!--  A Caribbean mystery - A pocket full of Rye - The mirror cracked from side to side -->
        <datafield tag="700" ind1="1" ind2="2">
            <subfield code="a">Christie, Agatha,</subfield>
            <subfield code="d">1890-1976.</subfield>
            <subfield code="t">A Caribbean mystery</subfield>
            <subfield code="1">http://viaf.org/viaf/182019214</subfield>
        </datafield>
        <datafield tag="700" ind1="1" ind2="2">
            <subfield code="a">Christie, Agatha,</subfield>
            <subfield code="d">1890-1976.</subfield>
            <subfield code="k">Novel</subfield>
            <subfield code="t">A pocket full of rye</subfield>
            <subfield code="1">http://viaf.org/viaf/780165573946837800003</subfield>
        </datafield>
        <datafield tag="700" ind1="1" ind2="2">
            <subfield code="a">Christie, Agatha,</subfield>
            <subfield code="d">1890-1976.</subfield>
            <subfield code="t">Mirror crack'd from side to side.</subfield>
            <subfield code="1">http://viaf.org/viaf/308553963</subfield>
        </datafield>
        
        <!-- They do it with mirrors - Nemesis - Sleeping murder - At Bertram's hotel - The murder at the vicarage -->
        
        <datafield tag="700" ind1="1" ind2="2">
            <subfield code="a">Christie, Agatha,</subfield>
            <subfield code="d">1890-1976.</subfield>
            <subfield code="k">Novel</subfield>
            <subfield code="t">They do it with mirrors</subfield>
            <subfield code="1">http://viaf.org/viaf/186075806</subfield>
        </datafield>
        <datafield tag="700" ind1="1" ind2="2">
            <subfield code="a">Christie, Agatha,</subfield>
            <subfield code="d">1890-1976.</subfield>
            <subfield code="k">Novel</subfield>
            <subfield code="t">Nemesis</subfield>
            <subfield code="1">http://viaf.org/viaf/177374432</subfield>
        </datafield>
        <datafield tag="700" ind1="1" ind2="2">
            <subfield code="a">Christie, Agatha,</subfield>
            <subfield code="d">1890-1976.</subfield>
            <subfield code="k">Novel</subfield>
            <subfield code="t">Sleeping murder</subfield>
            <subfield code="1">http://viaf.org/viaf/740147270586435700009</subfield>
        </datafield>
        <datafield tag="700" ind1="1" ind2="2">
            <subfield code="a">Christie, Agatha,</subfield>
            <subfield code="d">1890-1976.</subfield>
            <subfield code="k">Novel</subfield>
            <subfield code="t">At Bertram's Hotel</subfield>
            <subfield code="1">http://viaf.org/viaf/7037151474835800490008</subfield>
        </datafield>
        <datafield tag="700" ind1="1" ind2="2">
            <subfield code="a">Christie, Agatha,</subfield>
            <subfield code="d">1890-1976.</subfield>
            <subfield code="k">Novel</subfield>
            <subfield code="t">The murder at the vicarage</subfield>
            <subfield code="1">http://viaf.org/viaf/1846151051771433530005</subfield>
        </datafield>
    </record>